% BibTeX notes:
% 1. Is there a difference between "" and {} in BibTeX?
%    see https://tex.stackexchange.com/questions/109064/is-there-a-difference-between-and-in-bibtex
% 2. TODO: urldate is not shown References
%    see https://tex.stackexchange.com/questions/48983/urldate-in-bibtex-gets-ignored
% 3. TODO: Improve rendering of details in general (publish date, access date, booktitle, ...)

% online resources

@misc{spec_webauthn_level_2,
	author = {W3C},
	title = {Web Authentication: An API for accessing Public Key Credentials – Level~2},
	series = {W3C Recommendation},
	year = {April 8, 2021},
	url = {https://www.w3.org/TR/webauthn-2/},
}

@misc{spec_webauthn_level_3,
	author = {W3C},
	title = {Web Authentication: An API for accessing Public Key Credentials – Level~3},
	series = {W3C Working Draft},
	year = {January 27, 2025},
	url = {https://www.w3.org/TR/webauthn-3/},
}

@misc{spec_ctap_2_1,
	author = {FIDO Alliance},
	title = {Client to Authenticator Protocol (CTAP). CTAP 2.1},
	series = {Proposed Standard},
	year = {June 21, 2022},
	url = {https://fidoalliance.org/specs/fido-v2.1-ps-20210615/fido-client-to-authenticator-protocol-v2.1-ps-errata-20220621.html},
	note = {\nl}, % formatting fix (trigger page break)
}

@misc{spec_ctap_2_2,
	author = {FIDO Alliance},
	title = {Client to Authenticator Protocol (CTAP). CTAP 2.2},
	series = {Proposed Standard},
	year = {February 28, 2025},
	url = {https://fidoalliance.org/specs/fido-v2.2-ps-20250228/fido-client-to-authenticator-protocol-v2.2-ps-20250228.html},
}

@misc{spec_fido_metadata_statements,
	author = {FIDO Alliance},
	title = {FIDO Metadata Statement 3.0},
	series = {Proposed Standard},
	year = {May 18, 2021},
	url = {https://fidoalliance.org/specs/mds/fido-metadata-statement-v3.0-ps-20210518.html},
}

@misc{spec_fido_metadata_service,
	author = {FIDO Alliance},
	title = {FIDO Metadata Service 3.0},
	series = {Proposed Standard},
	year = {May 18, 2021},
	url = {https://fidoalliance.org/specs/mds/fido-metadata-service-v3.0-ps-20210518.html},
}

@misc{fido2_conformance_tools_automation,
	author = {FIDO Conformance Test Tools Resources},
	title = {Test Automation},
	year = {May 7, 2025},
	url = {https://github.com/fido-alliance/conformance-test-tools-resources/blob/main/docs/FIDO2/Automation.md},
}

@misc{rfc5869_hdkf,
	howpublished = {RFC 5869},
	url = {https://datatracker.ietf.org/doc/html/rfc5869},
	author = {Hugo Krawczyk and Pasi Eronen},
	title = {HMAC-based Extract-and-Expand Key Derivation Function (HKDF)},
	year = {May 2010},
}

@misc{rfc5869_hmac,
	howpublished = {RFC 2104},
	url = {https://datatracker.ietf.org/doc/html/rfc2104},
	author = {Hugo Krawczyk and Mihir Bellare and Ran Canetti},
	title = {HMAC: Keyed-Hashing for Message Authentication},
	year = {February 1997},
}

@misc{rfc8949_cbor,
	howpublished = {RFC 8949},
	url = {https://datatracker.ietf.org/doc/html/rfc8949},
	author = {Carsten Bormann and Paul E. Hoffman},
	title = {Concise Binary Object Representation (CBOR)},
	year = {December 2020},
}

@misc{rfc9052_cose_structs,
	howpublished = {RFC 9052},
	url = {https://datatracker.ietf.org/doc/html/rfc9052},
	author = {Jim Schaad},
	title = {CBOR Object Signing and Encryption (COSE): Structures and Process},
	year = {August 2022},
}

@misc{rfc9053_cose_algs,
	howpublished = {RFC 9053},
	url = {https://datatracker.ietf.org/doc/html/rfc9053},
	author = {Jim Schaad},
	title = {CBOR Object Signing and Encryption (COSE): Initial Algorithms},
	year = {August 2022},
}

@misc{intro_verizon_report_2020,
	author = {Verizon},
	title = {Data Breach Investigations Report},
	year = {2020},
	url = {https://www.verizon.com/business/en-gb/resources/reports/2020-data-breach-investigations-report.pdf},
	note = {\nl Additional information at \url{https://www.verizon.com/business/resources/reports/dbir/}},
}

@misc{ninjalab_fido_hw_overview,
	author = {Victor Lomne (NinjaLab)},
	title = {An Overview of the Security of Some Hardware FIDO(2) Tokens},
	year = {October 28, 2022},
	url = {https://hardwear.io/netherlands-2022/presentation/security-of-Hardware-FIDO(2)-tokens.pdf},
}

@misc{ninjalab_eucleak,
	author = {Thomas Roche (NinjaLab)},
	title = {Side-Channel Attack on the YubiKey 5 Series},
	year = {September 3, 2024},
	url = {https://ninjalab.io/wp-content/uploads/2024/09/20240903_eucleak.pdf},
}

@misc{intro_bitwarden_survey_2024,
	author = {Bitwarden},
	title = {Bitwarden World Password Day Survey},
	year = {2024},
	url = {https://bitwarden.com/resources/world-password-day/\#2024-world-password-day-results},
}

@misc{fido_alliance_overview,
	author = {FIDO Alliance},
	title = {Overview},
	url = {https://fidoalliance.org/overview/},
}

@misc{fido_alliance_faq,
	author = {FIDO Alliance},
	title = {FAQ},
	url = {https://fidoalliance.org/faqs/},
}

@misc{fido_alliance_specs,
	author = {FIDO Alliance},
	title = {User Authentication Specifications Overview},
	url = {https://fidoalliance.org/specifications/},
}

@misc{fido_alliance_members,
	author = {FIDO Alliance},
	title = {Member Companies \& Organizations},
	url = {https://fidoalliance.org/members/},
}

@misc{fido_cert_levels,
	author = {FIDO Alliance},
	title = {Authenticator Certification Levels},
	url = {https://fidoalliance.org/certification/authenticator-certification-levels/},
}

@misc{fido_alliance_news_2022_05_05,
	author = {FIDO Alliance},
	title = {Apple, Google and Microsoft Commit to Expanded Support for FIDO Standard to Accelerate Availability of Passwordless Sign-Ins},
	year = {May 5, 2022},
	url = {https://fidoalliance.org/apple-google-and-microsoft-commit-to-expanded-support-for-fido-standard-to-accelerate-availability-of-passwordless-sign-ins/},
}

@misc{stm32_ds14539,
	author = {STMicroelectronics},
	title = {STM32H533xx},
	series = {Datasheet DS14539},
	year = {November 20, 2024},
	url = {https://www.st.com/resource/en/datasheet/stm32h533re.pdf},
}

@misc{stm32_rm0481,
	author = {STMicroelectronics},
	title = {STM32H523/33xx, STM32H562/63xx, and STM32H573xx Arm®-based 32-bit MCUs},
	series = {Reference manual RM0481},
	year = {April 24, 2025},
	url = {https://www.st.com/resource/en/reference_manual/rm0481-stm32h52333xx-stm32h56263xx-and-stm32h573xx-armbased-32bit-mcus-stmicroelectronics.pdf},
}

@misc{passkeys_dev_device_support,
	author = {passkeys.dev},
	title = {Device Support},
	url = {https://passkeys.dev/device-support/},
}

@misc{mdn_webauthn_browser_compatibility,
	author = {MDN Web Docs},
	title = {Web Authentication API – Browser compatibility},
	url = {https://developer.mozilla.org/en-US/docs/Web/API/Web_Authentication_API\#browser_compatibility},
}

@misc{can_i_use_webauthn,
	author = {Can I use…},
	title = {Web Authentication API},
	url = {https://caniuse.com/webauthn},
}

@misc{wiki_pka,
	author = {Wikipedia},
	title = {Public-key cryptography},
	url = {https://en.wikipedia.org/wiki/Public-key_cryptography},
}

@misc{wiki_rsa,
	author = {Wikipedia},
	title = {RSA (cryptosystem)},
	url = {https://en.wikipedia.org/wiki/RSA_(cryptosystem)},
}

@misc{wiki_ecc,
	author = {Wikipedia},
	title = {Elliptic-curve cryptography},
	url = {https://en.wikipedia.org/wiki/RSA_(cryptosystem)},
}


@misc{yubico_devs,
	author = {developers.yubico.com},
	title = {WebAuthn Introduction},
	url = {https://developers.yubico.com/WebAuthn/},
}

@misc{pid_codes,
	author = {pid.codes},
	title = {Free USB VID and PID codes for open-source projects},
	url = {https://pid.codes/},
}

%@misc{,
%	title = {},
%	url = {},
%}

% theses

@thesis{borsky_fido2_simulator_2022,
	author = {Matěj Borský},
	title = {FIDO2 Authentication Simulator},
	year = {May 2022},
	type = {Bachelor's Thesis},
	school = {Czech Technical University in Prague, Faculty of Information Technology},
	url = {https://dspace.cvut.cz/handle/10467/101916},
	language = {cs},
}

@thesis{kolarik_fido2_keepass_2020,
	author = {Martin Kolárik},
	title = {FIDO2 KeePass Plugin},
	year = {June 2020},
	type = {Bachelor's Thesis},
	school = {Czech Technical University in Prague, Faculty of Information Technology},
	url = {https://dspace.cvut.cz/handle/10467/88264},
	language = {en},
}

% papers

@article{paper_ros2,
	author = {Steven Macenski and Tully Foote and Brian Gerkey and Chris Lalancette and William Woodall },
	title = {Robot Operating System 2: Design, architecture, and uses in the wild},
	journal = {Science Robotics},
	volume = {7},
	number = {66},
	pages = {eabm6074},
	year = {2022},
	doi = {10.1126/scirobotics.abm6074},
	url = {https://www.science.org/doi/abs/10.1126/scirobotics.abm6074}
}
